{
  "leader": "02529cam a22004211i 4500",
  "fields": [
    {
      "001": "ocm01101391\\"
    },
    {
      "003": "OCoLC"
    },
    {
      "005": "20221222145638.0"
    },
    {
      "008": "741209s1927\\\\\\\\riuch\\\\\\\\\\\\\\\\\\000\\0\\eng\\\\"
    },
    {
      "010": {
        "ind1": "\\",
        "ind2": "\\",
        "subfields": [
          {
            "a": "   27015305 "
          }
        ]
      }
    },
    {
      "040": {
        "ind1": "\\",
        "ind2": "\\",
        "subfields": [
          {
            "a": "DLC"
          },
          {
            "b": "eng"
          },
          {
            "c": "DLC"
          },
          {
            "d": "DLC"
          },
          {
            "d": "TEF"
          },
          {
            "d": "OHDNW"
          },
          {
            "d": "SYB"
          },
          {
            "d": "P4I"
          },
          {
            "d": "EUX"
          },
          {
            "d": "OCLCF"
          },
          {
            "d": "MFM"
          },
          {
            "d": "PAU"
          },
          {
            "d": "RIU"
          },
          {
            "d": "OCL"
          },
          {
            "d": "OCLCO"
          },
          {
            "d": "OCLCQ"
          },
          {
            "d": "OCLCO"
          }
        ]
      }
    },
    {
      "035": {
        "ind1": "\\",
        "ind2": "\\",
        "subfields": [
          {
            "a": "(OCoLC)1101391"
          }
        ]
      }
    },
    {
      "050": {
        "ind1": "\\",
        "ind2": "4",
        "subfields": [
          {
            "a": "E457.962"
          },
          {
            "b": "L56 1927"
          }
        ]
      }
    },
    {
      "082": {
        "ind1": "0",
        "ind2": "4",
        "subfields": [
          {
            "a": "973.7092"
          },
          {
            "b": "LIN"
          }
        ]
      }
    },
    {
      "100": {
        "ind1": "1",
        "ind2": "\\",
        "subfields": [
          {
            "a": "Lincoln, Abraham,"
          },
          {
            "d": "1809-1865."
          }
        ]
      }
    },
    {
      "245": {
        "ind1": "1",
        "ind2": "0",
        "subfields": [
          {
            "a": "Lincoln letters :"
          },
          {
            "b": " hitherto unpublished in the Library of Brown University and other Providence libraries."
          }
        ]
      }
    },
    {
      "246": {
        "ind1": "3",
        "ind2": "6",
        "subfields": [
          {
            "a": "Souvenir of the thirtieth reuion of the class of 1897, Brown University"
          }
        ]
      }
    },
    {
      "246": {
        "ind1": "3",
        "ind2": "8",
        "subfields": [
          {
            "a": "Lincoln letter at Brown"
          }
        ]
      }
    },
    {
      "260": {
        "ind1": "\\",
        "ind2": "\\",
        "subfields": [
          {
            "a": "Providence, R.I.,"
          },
          {
            "b": "The University Library,"
          },
          {
            "c": "1927."
          }
        ]
      }
    },
    {
      "300": {
        "ind1": "\\",
        "ind2": "\\",
        "subfields": [
          {
            "a": "70 pages :"
          },
          {
            "b": "portrait :"
          },
          {
            "c": "25 cm."
          }
        ]
      }
    },
    {
      "336": {
        "ind1": "\\",
        "ind2": "\\",
        "subfields": [
          {
            "a": "text"
          },
          {
            "b": "txt"
          },
          {
            "2": "rdacontent"
          }
        ]
      }
    },
    {
      "337": {
        "ind1": "\\",
        "ind2": "\\",
        "subfields": [
          {
            "a": "unmediated"
          },
          {
            "b": "n"
          },
          {
            "2": "rdamedia"
          }
        ]
      }
    },
    {
      "338": {
        "ind1": "\\",
        "ind2": "\\",
        "subfields": [
          {
            "a": "volume"
          },
          {
            "b": "nc"
          },
          {
            "2": "rdacarrier"
          }
        ]
      }
    },
    {
      "490": {
        "ind1": "1",
        "ind2": "\\",
        "subfields": [
          {
            "a": "McLellan Lincoln collection. Publication"
          },
          {
            "v": "1"
          }
        ]
      }
    },
    {
      "500": {
        "ind1": "\\",
        "ind2": "\\",
        "subfields": [
          {
            "a": "\"The notes that accompany the letters have been prepared by Miss Esther Cowles Cushman.\"--Preface"
          }
        ]
      }
    },
    {
      "500": {
        "ind1": "\\",
        "ind2": "\\",
        "subfields": [
          {
            "a": "Appendix I. Lincoln letters from the Annmary Brown Memorial and the Rhode Island Historical Society: leaves [54]-60.--Appendix II. List of legal papers in Lincoln's handwriting and commissions signed in full in the McLellan collection: p. [61]-66."
          }
        ]
      }
    },
    {
      "505": {
        "ind1": "0",
        "ind2": "\\",
        "subfields": [
          {
            "a": "Letters of Abraham Lincoln -- Appendix I. Lincoln letters from the Annmary Brown Memorial and the Rhode Island Historical Society: leaves [54]-60 -- Appendix II. List of legal papers in Lincoln's handwriting and commissions signed in full in the McLellan collection: p. [61]-66."
          }
        ]
      }
    },
    {
      "508": {
        "ind1": "\\",
        "ind2": "\\",
        "subfields": [
          {
            "a": "\"The notes that accompany the letters have been prepared by Miss Esther Cowles Cushman.\"--Preface"
          }
        ]
      }
    },
    {
      "600": {
        "ind1": "1",
        "ind2": "0",
        "subfields": [
          {
            "a": "Lincoln, Abraham,"
          },
          {
            "d": "1809-1865"
          },
          {
            "v": "Correspondence."
          }
        ]
      }
    },
    {
      "600": {
        "ind1": "1",
        "ind2": "7",
        "subfields": [
          {
            "a": "Lincoln, Abraham,"
          },
          {
            "d": "1809-1865."
          },
          {
            "2": "fast"
          },
          {
            "0": "(OCoLC)fst00030184"
          }
        ]
      }
    },
    {
      "655": {
        "ind1": "\\",
        "ind2": "7",
        "subfields": [
          {
            "a": "Personal correspondence."
          },
          {
            "2": "fast"
          },
          {
            "0": "(OCoLC)fst01919948"
          }
        ]
      }
    },
    {
      "700": {
        "ind1": "1",
        "ind2": "\\",
        "subfields": [
          {
            "a": "Cushman, Esther Cowles,"
          },
          {
            "e": "editor."
          }
        ]
      }
    },
    {
      "710": {
        "ind1": "2",
        "ind2": "\\",
        "subfields": [
          {
            "a": "Alfred Whital Stern Collection of Lincolniana (Library of Congress)"
          },
          {
            "5": "DLC"
          }
        ]
      }
    },
    {
      "776": {
        "ind1": "0",
        "ind2": "8",
        "subfields": [
          {
            "i": "Online version:"
          },
          {
            "a": "Lincoln, Abraham, 1809-1865."
          },
          {
            "t": "Lincoln letters, hitherto unpublished, in the Library of Brown University and other Providence libraries."
          },
          {
            "d": "Providence, R.I., University Library, 1927"
          },
          {
            "w": "(OCoLC)604763276"
          }
        ]
      }
    },
    {
      "830": {
        "ind1": "\\",
        "ind2": "0",
        "subfields": [
          {
            "a": "Publication (McLellan Lincoln Collection (Brown University)) ;"
          },
          {
            "v": "1."
          }
        ]
      }
    },
    {
      "994": {
        "ind1": "\\",
        "ind2": "\\",
        "subfields": [
          {
            "a": "Z0"
          },
          {
            "b": "NYRVC"
          }
        ]
      }
    },
    {
      "948": {
        "ind1": "\\",
        "ind2": "\\",
        "subfields": [
          {
            "h": "NO HOLDINGS IN NYRVC - 144 OTHER HOLDINGS"
          }
        ]
      }
    },
    {
      "999": {
        "ind1": "\\",
        "ind2": "\\",
        "subfields": [
          {
            "a": "00000000018070"
          }
        ]
      }
    }
  ]
}